<record><leader>00000cas a2200000 a 4500</leader><controlfield tag="001">22473227</controlfield><controlfield tag="008">901005d19651983wauer ne      0    0eng d</controlfield><datafield ind1=" " ind2=" " tag="010"><subfield code="a">sn 90098862 </subfield></datafield><datafield ind1=" " ind2=" " tag="040"><subfield code="a">SLZ</subfield><subfield code="b">eng</subfield><subfield code="c">SLZ</subfield><subfield code="d">OCL</subfield><subfield code="d">OCLCQ</subfield><subfield code="d">OCLCF</subfield><subfield code="d">OCLCO</subfield></datafield><datafield ind1="1" ind2=" " tag="029"><subfield code="a">AU@</subfield><subfield code="b">000020599574</subfield></datafield><datafield ind1=" " ind2=" " tag="042"><subfield code="a">msc</subfield></datafield><datafield ind1=" " ind2=" " tag="043"><subfield code="a">n-us-wa</subfield></datafield><datafield ind1="0" ind2=" " tag="130"><subfield code="a">Keynotes (Keyport, Wash.)</subfield></datafield><datafield ind1="1" ind2="0" tag="245"><subfield code="a">Keynotes.</subfield></datafield><datafield ind1=" " ind2=" " tag="260"><subfield code="a">Keyport, Wash. :</subfield><subfield code="b">Bremerton Print. Co.</subfield></datafield><datafield ind1=" " ind2=" " tag="300"><subfield code="a">v.</subfield></datafield><datafield ind1=" " ind2=" " tag="310"><subfield code="a">Biweekly</subfield></datafield><datafield ind1="0" ind2=" " tag="362"><subfield code="a">Vol. 1, no. 9 (Feb. 12, 1965)-v. 1, no. 14 (Oct. 7, 1983).</subfield></datafield><datafield ind1=" " ind2=" " tag="500"><subfield code="a">On April 8, 1983 volume numbering start with Vol. 1, no. 1.</subfield></datafield><datafield ind1=" " ind2="0" tag="651"><subfield code="a">Keyport (Wash.)</subfield><subfield code="v">Newspapers.</subfield></datafield><datafield ind1=" " ind2="7" tag="655"><subfield code="a">Newspapers.</subfield><subfield code="2">fast</subfield><subfield code="0">(OCoLC)fst01423814</subfield></datafield><datafield ind1=" " ind2="7" tag="651"><subfield code="a">Washington (State)</subfield><subfield code="z">Keyport.</subfield><subfield code="2">fast</subfield><subfield code="0">(OCoLC)fst01252096</subfield></datafield><datafield ind1=" " ind2=" " tag="752"><subfield code="a">United States8</subfield><subfield code="b">Washington</subfield><subfield code="c">Kitsap</subfield><subfield code="d">Keyport.</subfield></datafield></record>